<?xml version='1.0'?>
<collection xmlns='http://www.loc.gov/MARC21/slim' xmlns:xsi='http://www.w3.org/2001/XMLSchema-instance' xsi:schemaLocation='http://www.loc.gov/MARC21/slim http://www.loc.gov/standards/marcxml/schema/MARC21slim.xsd'>
  <record>
    <leader>00000cam a2200445Ia 4500</leader>
      <controlfield tag='008'>900130s1945    nyu           000 1 engm </controlfield>
      <controlfield tag='001'>312363</controlfield>
      <controlfield tag='005'>19900705164641.4</controlfield>
      <datafield ind1=' ' ind2=' ' tag='010'>
        <subfield code='a'>46000555</subfield>
      </datafield>
      <datafield ind1=' ' ind2=' ' tag='019'>
        <subfield code='a'>7544428</subfield>
        <subfield code='a'>10289844</subfield>
      </datafield>
      <datafield ind1=' ' ind2=' ' tag='040'>
        <subfield code='a'>DLC</subfield>
        <subfield code='c'>MSC</subfield>
        <subfield code='d'>OCL</subfield>
        <subfield code='d'>m.c.</subfield>
        <subfield code='d'>OCL</subfield>
        <subfield code='d'>PLF</subfield>
        <subfield code='d'>RBN</subfield>
        <subfield code='d'>LDL</subfield>
      </datafield>
      <datafield ind1='0' ind2=' ' tag='050'>
        <subfield code='a'>PZ3.D742</subfield>
        <subfield code='b'>Sh</subfield>
      </datafield>
      <datafield ind1='1' ind2=' ' tag='100'>
        <subfield code='a'>Dostoyevsky, Fyodor,</subfield>
        <subfield code='d'>1821-1881.</subfield>
      </datafield>
      <datafield ind1='1' ind2='0' tag='240'>
        <subfield code='a'>Novels.</subfield>
        <subfield code='k'>Selections.</subfield>
        <subfield code='l'>English</subfield>
      </datafield>
      <datafield ind1='1' ind2='4' tag='245'>
        <subfield code='a'>The short novels of Dostoevsky /</subfield>
        <subfield code='c'>with an introduction by Thomas Mann.</subfield>
      </datafield>
      <datafield ind1=' ' ind2=' ' tag='260'>
        <subfield code='a'>New York :</subfield>
        <subfield code='b'>Dial Press,</subfield>
        <subfield code='c'>1945.</subfield>
      </datafield>
      <datafield ind1=' ' ind2=' ' tag='300'>
        <subfield code='a'>xx, 811 p. ;</subfield>
        <subfield code='c'>22 cm.</subfield>
      </datafield>
      <datafield ind1=' ' ind2=' ' tag='500'>
        <subfield code='a'>&quot;A Permanent library book.&quot;</subfield>
      </datafield>
      <datafield ind1='0' ind2=' ' tag='505'>
        <subfield code='a'>The gambler -- Notes from underground -- Uncle&apos;s dream -- The eternal husband -- The double -- The friend of the family.</subfield>
      </datafield>
      <datafield ind1='1' ind2=' ' tag='700'>
        <subfield code='a'>Mann, Thomas,</subfield>
        <subfield code='d'>1875-1955,</subfield>
        <subfield code='e'>author of introduction, etc.</subfield>
      </datafield>
      <datafield ind1='0' ind2=' ' tag='740'>
        <subfield code='a'>Walker Percy Collection.</subfield>
      </datafield>
      <datafield ind1='0' ind2=' ' tag='740'>
        <subfield code='a'>Gambler.</subfield>
      </datafield>
      <datafield ind1='0' ind2=' ' tag='740'>
        <subfield code='a'>Notes from underground.</subfield>
      </datafield>
      <datafield ind1='0' ind2=' ' tag='740'>
        <subfield code='a'>Uncle&apos;s dream.</subfield>
      </datafield>
      <datafield ind1='0' ind2=' ' tag='740'>
        <subfield code='a'>Eternal husband.</subfield>
      </datafield>
      <datafield ind1='0' ind2=' ' tag='740'>
        <subfield code='a'>Double.</subfield>
      </datafield>
      <datafield ind1='0' ind2=' ' tag='740'>
        <subfield code='a'>Friend of the family.</subfield>
      </datafield>
      <datafield ind1=' ' ind2=' ' tag='907'>
        <subfield code='a'>b1082782</subfield>
      </datafield>
      <datafield ind1='9' ind2='1' tag='999'>
        <subfield code='i'>i1147297</subfield>
        <subfield code='l'>ddda</subfield>
        <subfield code='s'>-</subfield>
        <subfield code='t'>0</subfield>
        <subfield code='c'>1</subfield>
        <subfield code='o'>21</subfield>
        <subfield code='b'>10000589686</subfield>
        <subfield code='p'>090##</subfield>
        <subfield code='q'>|aPG3326.A15 M37</subfield>
      </datafield>
      <datafield ind1='9' ind2='1' tag='999'>
        <subfield code='i'>i1147298</subfield>
        <subfield code='l'>ddda</subfield>
        <subfield code='s'>-</subfield>
        <subfield code='t'>0</subfield>
        <subfield code='c'>2</subfield>
        <subfield code='o'>25</subfield>
        <subfield code='b'>00007855056</subfield>
        <subfield code='p'>090##</subfield>
        <subfield code='q'>|aPG3326.A15 M37</subfield>
      </datafield>
      <datafield ind1='9' ind2='1' tag='999'>
        <subfield code='i'>i1147300</subfield>
        <subfield code='l'>ddcc</subfield>
        <subfield code='s'>o</subfield>
        <subfield code='t'>1</subfield>
        <subfield code='c'>4</subfield>
        <subfield code='o'>0</subfield>
        <subfield code='b'>00013468268</subfield>
        <subfield code='p'>090##</subfield>
        <subfield code='q'>|aPG3326.A15 M37</subfield>
      </datafield>
      <datafield ind1='9' ind2='1' tag='999'>
        <subfield code='i'>i10897773</subfield>
        <subfield code='l'>wcps</subfield>
        <subfield code='s'>o</subfield>
        <subfield code='t'>0</subfield>
        <subfield code='c'>1</subfield>
        <subfield code='o'>0</subfield>
        <subfield code='b'>00042008237</subfield>
        <subfield code='p'>099#9</subfield>
        <subfield code='q'>|aPercy|a628</subfield>
        <subfield code='n'>RBC Percy Library copy: Hardbound; &quot;Second printing, 1946&quot;--verso of title page; bookplate and very heavy annotations of Walker Percy; Percy&apos;s annotated pieces of white paper originally laid-in throughout the text of &quot;Notes from Underground&quot;. These pieces of paper removed to separate enclosure (call number: Percy 628 accompanying material) citing pages where notes placed in text. Tipped-in note between: pages 142-143 and pages 148-149.   Copying of notes or annotations in text is prohibited.</subfield>
      </datafield>
      <datafield ind1='9' ind2='1' tag='999'>
        <subfield code='i'>i1147299</subfield>
        <subfield code='l'>uada</subfield>
        <subfield code='s'>-</subfield>
        <subfield code='t'>0</subfield>
        <subfield code='c'>3</subfield>
        <subfield code='o'>12</subfield>
        <subfield code='b'>00007822252</subfield>
        <subfield code='p'>090##</subfield>
        <subfield code='q'>|aPG3326.A15 M37</subfield>
      </datafield>
      <datafield ind1='0' ind2='0' tag='999'>
        <subfield code='a'>2004-10-01 00:00:00-04</subfield>
        <subfield code='c'>2004-09-27 13:12:00-04</subfield>
        <subfield code='u'>2016-10-23 07:00:58-04</subfield>
      </datafield>
  </record>